
@InProceedings{TLSF,
    author={Masmano, M. and Ripoll, I. and Crespo, A. and Real, J.},
    booktitle={Proceedings. 16th Euromicro Conference on Real-Time Systems, 2004. ECRTS 2004.}, 
    title={{TLSF}: a new dynamic memory allocator for real-time systems}, 
    year={2004},
    pages={79-88},
    doi={10.1109/EMRTS.2004.1311009}
}

@inproceedings{zpage_size_table,
    author = {Yang, Albert Mingkun and \"{O}sterlund, Erik and Wrigstad, Tobias},
    title = {Improving program locality in the GC using hotness},
    year = {2020},
    publisher = {Association for Computing Machinery},
    address = {New York, NY, USA},
    url = {https://doi.org/10.1145/3385412.3385977},
    doi = {10.1145/3385412.3385977},
    pages = {301â€“313},
}

@book{gchandbook,
    title={The Garbage Collection Handbook: The Art of Automatic Memory Management},
    author={Jones, Richard and Hosking, Antony and Moss, Eliot},
    year={2016},
    publisher={Chapman and Hall/CRC}
}

